%YAML 1.1
%TAG !u! tag:unity3d.com,2011:
--- !u!1 &2135552737
GameObject:
  m_ObjectHideFlags: 0
  m_CorrespondingSourceObject: {fileID: 0}
  m_PrefabInstance: {fileID: 0}
  m_PrefabAsset: {fileID: 0}
  serializedVersion: 6
  m_Component:
  - component: {fileID: 2135552738}
  - component: {fileID: 2135552739}
  - component: {fileID: 2135552740}
  m_Layer: 17
  m_Name: trigger
  m_TagString: Untagged
  m_Icon: {fileID: 0}
  m_NavMeshLayer: 0
  m_StaticEditorFlags: 0
  m_IsActive: 1
--- !u!4 &2135552738
Transform:
  m_ObjectHideFlags: 0
  m_CorrespondingSourceObject: {fileID: 0}
  m_PrefabInstance: {fileID: 0}
  m_PrefabAsset: {fileID: 0}
  m_GameObject: {fileID: 2135552737}
  m_LocalRotation: {x: 0, y: 0, z: 0, w: 1}
  m_LocalPosition: {x: -0.43, y: -0.6, z: 0}
  m_LocalScale: {x: 1, y: 1, z: 1}
  m_Children: []
  m_Father: {fileID: 4092646061976886096}
  m_RootOrder: 0
  m_LocalEulerAnglesHint: {x: 0, y: 0, z: 0}
--- !u!61 &2135552739
BoxCollider2D:
  m_ObjectHideFlags: 0
  m_CorrespondingSourceObject: {fileID: 0}
  m_PrefabInstance: {fileID: 0}
  m_PrefabAsset: {fileID: 0}
  m_GameObject: {fileID: 2135552737}
  m_Enabled: 1
  m_Density: 1
  m_Material: {fileID: 0}
  m_IsTrigger: 1
  m_UsedByEffector: 0
  m_UsedByComposite: 0
  m_Offset: {x: 0, y: 0}
  m_SpriteTilingProperty:
    border: {x: 0, y: 0, z: 0, w: 0}
    pivot: {x: 0, y: 0}
    oldSize: {x: 0, y: 0}
    newSize: {x: 0, y: 0}
    adaptiveTilingThreshold: 0
    drawMode: 0
    adaptiveTiling: 0
  m_AutoTiling: 0
  serializedVersion: 2
  m_Size: {x: 1, y: 1}
  m_EdgeRadius: 0
--- !u!114 &2135552740
MonoBehaviour:
  m_ObjectHideFlags: 0
  m_CorrespondingSourceObject: {fileID: 0}
  m_PrefabInstance: {fileID: 0}
  m_PrefabAsset: {fileID: 0}
  m_GameObject: {fileID: 2135552737}
  m_Enabled: 1
  m_EditorHideFlags: 0
  m_Script: {fileID: 11500000, guid: 2265c1f2d7c49054797dcf7a1a87f422, type: 3}
  m_Name: 
  m_EditorClassIdentifier: 
  arena: {fileID: 2863625385685036376}
--- !u!1 &2863625385685036376
GameObject:
  m_ObjectHideFlags: 0
  m_CorrespondingSourceObject: {fileID: 0}
  m_PrefabInstance: {fileID: 0}
  m_PrefabAsset: {fileID: 0}
  serializedVersion: 6
  m_Component:
  - component: {fileID: 939171640670739759}
  m_Layer: 0
  m_Name: contents
  m_TagString: Untagged
  m_Icon: {fileID: 0}
  m_NavMeshLayer: 0
  m_StaticEditorFlags: 0
  m_IsActive: 0
--- !u!4 &939171640670739759
Transform:
  m_ObjectHideFlags: 0
  m_CorrespondingSourceObject: {fileID: 0}
  m_PrefabInstance: {fileID: 0}
  m_PrefabAsset: {fileID: 0}
  m_GameObject: {fileID: 2863625385685036376}
  m_LocalRotation: {x: -0, y: -0, z: -0, w: 1}
  m_LocalPosition: {x: 2.0401459, y: -0.6309233, z: 0.000014305115}
  m_LocalScale: {x: 1, y: 1, z: 1}
  m_Children:
  - {fileID: 4092646061218910644}
  - {fileID: 4092646060604679183}
  - {fileID: 4092646060839104643}
  - {fileID: 4092646060499567712}
  m_Father: {fileID: 4092646061976886096}
  m_RootOrder: 1
  m_LocalEulerAnglesHint: {x: 0, y: 0, z: 0}
--- !u!1 &4092646060604679180
GameObject:
  m_ObjectHideFlags: 0
  m_CorrespondingSourceObject: {fileID: 0}
  m_PrefabInstance: {fileID: 0}
  m_PrefabAsset: {fileID: 0}
  serializedVersion: 6
  m_Component:
  - component: {fileID: 4092646060604679183}
  - component: {fileID: 4092646060604679182}
  m_Layer: 0
  m_Name: GameObject
  m_TagString: Untagged
  m_Icon: {fileID: 0}
  m_NavMeshLayer: 0
  m_StaticEditorFlags: 0
  m_IsActive: 1
--- !u!4 &4092646060604679183
Transform:
  m_ObjectHideFlags: 0
  m_CorrespondingSourceObject: {fileID: 0}
  m_PrefabInstance: {fileID: 0}
  m_PrefabAsset: {fileID: 0}
  m_GameObject: {fileID: 4092646060604679180}
  m_LocalRotation: {x: -0, y: -0, z: -0, w: 1}
  m_LocalPosition: {x: -4.387146, y: -0.06807661, z: -0.000014305115}
  m_LocalScale: {x: 1, y: 1, z: 1}
  m_Children: []
  m_Father: {fileID: 939171640670739759}
  m_RootOrder: 1
  m_LocalEulerAnglesHint: {x: 0, y: 0, z: 0}
--- !u!114 &4092646060604679182
MonoBehaviour:
  m_ObjectHideFlags: 0
  m_CorrespondingSourceObject: {fileID: 0}
  m_PrefabInstance: {fileID: 0}
  m_PrefabAsset: {fileID: 0}
  m_GameObject: {fileID: 4092646060604679180}
  m_Enabled: 1
  m_EditorHideFlags: 0
  m_Script: {fileID: 11500000, guid: 84b1de2065ea0bb4bb47e29366acfabc, type: 3}
  m_Name: 
  m_EditorClassIdentifier: 
  spawnPoints:
  - {fileID: 4092646060604679183}
  spawnObj: {fileID: 2253031596361659196, guid: 04a0b4626af29cd479e165752d73973a,
    type: 3}
--- !u!1 &4092646060839104640
GameObject:
  m_ObjectHideFlags: 0
  m_CorrespondingSourceObject: {fileID: 0}
  m_PrefabInstance: {fileID: 0}
  m_PrefabAsset: {fileID: 0}
  serializedVersion: 6
  m_Component:
  - component: {fileID: 4092646060839104643}
  - component: {fileID: 4092646060839104642}
  m_Layer: 0
  m_Name: GameObject (1)
  m_TagString: Untagged
  m_Icon: {fileID: 0}
  m_NavMeshLayer: 0
  m_StaticEditorFlags: 0
  m_IsActive: 1
--- !u!4 &4092646060839104643
Transform:
  m_ObjectHideFlags: 0
  m_CorrespondingSourceObject: {fileID: 0}
  m_PrefabInstance: {fileID: 0}
  m_PrefabAsset: {fileID: 0}
  m_GameObject: {fileID: 4092646060839104640}
  m_LocalRotation: {x: -0, y: -0, z: -0, w: 1}
  m_LocalPosition: {x: -0.6311493, y: -0.06807661, z: -0.000014305115}
  m_LocalScale: {x: 1, y: 1, z: 1}
  m_Children: []
  m_Father: {fileID: 939171640670739759}
  m_RootOrder: 2
  m_LocalEulerAnglesHint: {x: 0, y: 0, z: 0}
--- !u!114 &4092646060839104642
MonoBehaviour:
  m_ObjectHideFlags: 0
  m_CorrespondingSourceObject: {fileID: 0}
  m_PrefabInstance: {fileID: 0}
  m_PrefabAsset: {fileID: 0}
  m_GameObject: {fileID: 4092646060839104640}
  m_Enabled: 1
  m_EditorHideFlags: 0
  m_Script: {fileID: 11500000, guid: 84b1de2065ea0bb4bb47e29366acfabc, type: 3}
  m_Name: 
  m_EditorClassIdentifier: 
  spawnPoints:
  - {fileID: 4092646060839104643}
  spawnObj: {fileID: 2253031596361659196, guid: 04a0b4626af29cd479e165752d73973a,
    type: 3}
--- !u!1 &4092646061218910645
GameObject:
  m_ObjectHideFlags: 0
  m_CorrespondingSourceObject: {fileID: 0}
  m_PrefabInstance: {fileID: 0}
  m_PrefabAsset: {fileID: 0}
  serializedVersion: 6
  m_Component:
  - component: {fileID: 4092646061218910644}
  - component: {fileID: 4092646061218910647}
  m_Layer: 0
  m_Name: arenaManager
  m_TagString: Untagged
  m_Icon: {fileID: 0}
  m_NavMeshLayer: 0
  m_StaticEditorFlags: 0
  m_IsActive: 1
--- !u!4 &4092646061218910644
Transform:
  m_ObjectHideFlags: 0
  m_CorrespondingSourceObject: {fileID: 0}
  m_PrefabInstance: {fileID: 0}
  m_PrefabAsset: {fileID: 0}
  m_GameObject: {fileID: 4092646061218910645}
  m_LocalRotation: {x: -0, y: -0, z: -0, w: 1}
  m_LocalPosition: {x: -2.0401459, y: 0.6309233, z: -0.000014305115}
  m_LocalScale: {x: 1, y: 1, z: 1}
  m_Children: []
  m_Father: {fileID: 939171640670739759}
  m_RootOrder: 0
  m_LocalEulerAnglesHint: {x: 0, y: 0, z: 0}
--- !u!114 &4092646061218910647
MonoBehaviour:
  m_ObjectHideFlags: 0
  m_CorrespondingSourceObject: {fileID: 0}
  m_PrefabInstance: {fileID: 0}
  m_PrefabAsset: {fileID: 0}
  m_GameObject: {fileID: 4092646061218910645}
  m_Enabled: 1
  m_EditorHideFlags: 0
  m_Script: {fileID: 11500000, guid: 3aa45dd6b2c707946996a0aa15e4e6ed, type: 3}
  m_Name: 
  m_EditorClassIdentifier: 
  waves:
  - {fileID: 11400000, guid: 8fa39e82ed2a28844821d074b68e7c91, type: 2}
  - {fileID: 11400000, guid: 8fa39e82ed2a28844821d074b68e7c91, type: 2}
  currentEnemies: []
  spawners:
  - {fileID: 4092646060604679182}
  - {fileID: 4092646060839104642}
  gates:
  - {fileID: 4092646060499567727}
  enemyCount: 0
--- !u!1 &4092646061976886097
GameObject:
  m_ObjectHideFlags: 0
  m_CorrespondingSourceObject: {fileID: 0}
  m_PrefabInstance: {fileID: 0}
  m_PrefabAsset: {fileID: 0}
  serializedVersion: 6
  m_Component:
  - component: {fileID: 4092646061976886096}
  m_Layer: 0
  m_Name: arena
  m_TagString: Untagged
  m_Icon: {fileID: 0}
  m_NavMeshLayer: 0
  m_StaticEditorFlags: 0
  m_IsActive: 1
--- !u!4 &4092646061976886096
Transform:
  m_ObjectHideFlags: 0
  m_CorrespondingSourceObject: {fileID: 0}
  m_PrefabInstance: {fileID: 0}
  m_PrefabAsset: {fileID: 0}
  m_GameObject: {fileID: 4092646061976886097}
  m_LocalRotation: {x: 0, y: 0, z: 0, w: 1}
  m_LocalPosition: {x: -196.74515, y: -6.847077, z: -1.5571289}
  m_LocalScale: {x: 1, y: 1, z: 1}
  m_Children:
  - {fileID: 2135552738}
  - {fileID: 939171640670739759}
  m_Father: {fileID: 0}
  m_RootOrder: 0
  m_LocalEulerAnglesHint: {x: 0, y: 0, z: 0}
--- !u!1001 &1894573813519994710
PrefabInstance:
  m_ObjectHideFlags: 0
  serializedVersion: 2
  m_Modification:
    m_TransformParent: {fileID: 939171640670739759}
    m_Modifications:
    - target: {fileID: 2486302764345805622, guid: 3b89cf0acb181c44d8f9680659a13895,
        type: 3}
      propertyPath: m_LocalPosition.x
      value: 0
      objectReference: {fileID: 0}
    - target: {fileID: 2486302764345805622, guid: 3b89cf0acb181c44d8f9680659a13895,
        type: 3}
      propertyPath: m_LocalPosition.y
      value: 0
      objectReference: {fileID: 0}
    - target: {fileID: 2486302764345805622, guid: 3b89cf0acb181c44d8f9680659a13895,
        type: 3}
      propertyPath: m_LocalPosition.z
      value: 0
      objectReference: {fileID: 0}
    - target: {fileID: 2486302764345805622, guid: 3b89cf0acb181c44d8f9680659a13895,
        type: 3}
      propertyPath: m_LocalRotation.x
      value: -0
      objectReference: {fileID: 0}
    - target: {fileID: 2486302764345805622, guid: 3b89cf0acb181c44d8f9680659a13895,
        type: 3}
      propertyPath: m_LocalRotation.y
      value: -0
      objectReference: {fileID: 0}
    - target: {fileID: 2486302764345805622, guid: 3b89cf0acb181c44d8f9680659a13895,
        type: 3}
      propertyPath: m_LocalRotation.z
      value: -0
      objectReference: {fileID: 0}
    - target: {fileID: 2486302764345805622, guid: 3b89cf0acb181c44d8f9680659a13895,
        type: 3}
      propertyPath: m_LocalRotation.w
      value: 1
      objectReference: {fileID: 0}
    - target: {fileID: 2486302764345805622, guid: 3b89cf0acb181c44d8f9680659a13895,
        type: 3}
      propertyPath: m_RootOrder
      value: 3
      objectReference: {fileID: 0}
    - target: {fileID: 2486302764345805622, guid: 3b89cf0acb181c44d8f9680659a13895,
        type: 3}
      propertyPath: m_LocalEulerAnglesHint.x
      value: 0
      objectReference: {fileID: 0}
    - target: {fileID: 2486302764345805622, guid: 3b89cf0acb181c44d8f9680659a13895,
        type: 3}
      propertyPath: m_LocalEulerAnglesHint.y
      value: 0
      objectReference: {fileID: 0}
    - target: {fileID: 2486302764345805622, guid: 3b89cf0acb181c44d8f9680659a13895,
        type: 3}
      propertyPath: m_LocalEulerAnglesHint.z
      value: 0
      objectReference: {fileID: 0}
    - target: {fileID: 2486302764345805622, guid: 3b89cf0acb181c44d8f9680659a13895,
        type: 3}
      propertyPath: m_LocalScale.x
      value: 0.16
      objectReference: {fileID: 0}
    - target: {fileID: 2486302764345805623, guid: 3b89cf0acb181c44d8f9680659a13895,
        type: 3}
      propertyPath: m_SpriteTilingProperty.oldSize.x
      value: 0.32
      objectReference: {fileID: 0}
    - target: {fileID: 2486302764345805623, guid: 3b89cf0acb181c44d8f9680659a13895,
        type: 3}
      propertyPath: m_SpriteTilingProperty.oldSize.y
      value: 0.32
      objectReference: {fileID: 0}
    - target: {fileID: 2486302764345805623, guid: 3b89cf0acb181c44d8f9680659a13895,
        type: 3}
      propertyPath: m_Size.x
      value: 3.57
      objectReference: {fileID: 0}
    - target: {fileID: 2486302764345805624, guid: 3b89cf0acb181c44d8f9680659a13895,
        type: 3}
      propertyPath: m_Enabled
      value: 0
      objectReference: {fileID: 0}
    - target: {fileID: 2486302764345805624, guid: 3b89cf0acb181c44d8f9680659a13895,
        type: 3}
      propertyPath: m_Sprite
      value: 
      objectReference: {fileID: -2243659674768688055, guid: 9b9ca32ccddd1f746bffdb45e5d032e5,
        type: 3}
    - target: {fileID: 2486302764345805625, guid: 3b89cf0acb181c44d8f9680659a13895,
        type: 3}
      propertyPath: m_Name
      value: door
      objectReference: {fileID: 0}
    - target: {fileID: 2486302764345805625, guid: 3b89cf0acb181c44d8f9680659a13895,
        type: 3}
      propertyPath: m_TagString
      value: Wall
      objectReference: {fileID: 0}
    - target: {fileID: 4036078976295692334, guid: 3b89cf0acb181c44d8f9680659a13895,
        type: 3}
      propertyPath: m_Enabled
      value: 1
      objectReference: {fileID: 0}
    - target: {fileID: 7327612559542900565, guid: 3b89cf0acb181c44d8f9680659a13895,
        type: 3}
      propertyPath: m_TagString
      value: Wall
      objectReference: {fileID: 0}
    m_RemovedComponents: []
  m_SourcePrefab: {fileID: 100100000, guid: 3b89cf0acb181c44d8f9680659a13895, type: 3}
--- !u!1 &4092646060499567727 stripped
GameObject:
  m_CorrespondingSourceObject: {fileID: 2486302764345805625, guid: 3b89cf0acb181c44d8f9680659a13895,
    type: 3}
  m_PrefabInstance: {fileID: 1894573813519994710}
  m_PrefabAsset: {fileID: 0}
--- !u!4 &4092646060499567712 stripped
Transform:
  m_CorrespondingSourceObject: {fileID: 2486302764345805622, guid: 3b89cf0acb181c44d8f9680659a13895,
    type: 3}
  m_PrefabInstance: {fileID: 1894573813519994710}
  m_PrefabAsset: {fileID: 0}
